% This file was created with JabRef 2.10.
% Encoding: ISO8859_1


@Electronic{BMO07,
  Title                    = {PROMISE Repository of empirical software engineering data},
  Author                   = {G. Boetticher and T. Menzies and T. Ostrand},
  Organization             = {West Virginia University, Department of Computer Science},
  Url                      = {http://promisedata.org/ repository},
  Year                     = {2007}
}

@InProceedings{buse-icse-2012,
  Title                    = {Information Needs for Software Development Analytics},
  Author                   = {Raymond P.L. Buse and Thomas Zimmermann},
  Booktitle                = {Proceedings of the 34th International Conference on Software Engineering},
  Year                     = {2012},
  Month                    = {June},

  Location                 = {Zurich, Switzerland}
}

@Article{CHPB05,
  Title                    = {Finding the right data for software cost modeling},
  Author                   = {Chen, Z. and Menzies, T. and Port, D. and Boehm, D.},
  Journal                  = {IEEE Software},
  Year                     = {2005},

  Month                    = {Nov-Dec},
  Number                   = {6},
  Pages                    = {38--46},
  Volume                   = {22},

  Doi                      = {10.1109/MS.2005.151},
  ISSN                     = {0740-7459},
  Keywords                 = { data collection; data-pruning method; real-world data set; resource management; software cost model; software engineering; software project management; project management; software cost estimation; software management;}
}

@Article{5928349,
  Title                    = {On the Distribution of Bugs in the Eclipse System},
  Author                   = {Concas, G. and Marchesi, M. and Murgia, A. and Tonelli, R. and Turnu, I.},
  Journal                  = {IEEE Transactions on Software Engineering},
  Year                     = {2011},

  Month                    = {Nov-Dec},
  Number                   = {6},
  Pages                    = {872--877},
  Volume                   = {37},

  Doi                      = {10.1109/TSE.2011.54},
  ISSN                     = {0098-5589},
  Keywords                 = {Pareto principle;Weibull cumulative distribution;eclipse system;software systems;statistical perspective;Pareto analysis;Weibull distribution;eclipses;}
}

@Article{CWHW12,
  Title                    = {Free/Libre open-source software development: What we know and what we do not know},
  Author                   = {Crowston, Kevin and Wei, Kangning and Howison, James and Wiggins, Andrea},
  Journal                  = {ACM Computing Surveys},
  Year                     = {2008},

  Month                    = mar,
  Number                   = {2},
  Pages                    = {7:1--7:35},
  Volume                   = {44},

  Acmid                    = {2089127},
  Address                  = {New York, NY, USA},
  Articleno                = {7},
  Doi                      = {10.1145/2089125.2089127},
  ISSN                     = {0360-0300},
  Issue_date               = {February 2012},
  Keywords                 = {Free/Libre open-source software, computer-mediated communication, development, distributed work},
  Numpages                 = {35},
  Publisher                = {ACM}
}

@Article{ALR11,
  Title                    = {Evaluating defect prediction approaches: a benchmark and an extensive comparison},
  Author                   = {{D'Ambros}, Marco and Lanza, Michele and Robbes, Romain},
  Journal                  = {Empirical Software Engineering},
  Year                     = {2011},
  Note                     = {10.1007/s10664-011-9173-9},
  Pages                    = {1-47},

  Affiliation              = {REVEAL @ Faculty of Informatics, University of Lugano, 6900 Lugano, Switzerland},
  ISSN                     = {1382-3256},
  Keyword                  = {Computer Science},
  Publisher                = {Springer Netherlands}
}

@InProceedings{DAmb2010a,
  Title                    = {An Extensive Comparison of Bug Prediction Approaches},
  Author                   = {Marco D'Ambros and Michele Lanza and Romain Robbes},
  Booktitle                = {Proceedings of the 7th IEEE Working Conference on Mining Software Repositories (MSR07)},
  Year                     = {2010},
  Pages                    = {31 - 41},
  Publisher                = {IEEE CS Press}
}

@Article{DER05,
  Title                    = {Supporting Controlled Experimentation with Testing Techniques: An Infrastructure and its Potential Impact},
  Author                   = {Do, Hyunsook and Elbaum, Sebastian and Rothermel, Gregg},
  Journal                  = {Empirical Software Engineering},
  Year                     = {2005},

  Month                    = {October},
  Pages                    = {405--435},
  Volume                   = {10},

  Acmid                    = {1089928},
  Address                  = {Hingham, MA, USA},
  Doi                      = {10.1007/s10664-005-3861-2},
  ISSN                     = {1382-3256},
  Issue                    = {4},
  Keywords                 = {Software testing, controlled experimentation, experiment infrastructure, regression testing},
  Numpages                 = {31},
  Publisher                = {Kluwer Academic Publishers},
  Url                      = {http://dl.acm.org/citation.cfm?id=1089922.1089928}
}

@Article{FPS96,
  Title                    = {The KDD process for extracting useful knowledge from volumes of data},
  Author                   = {Fayyad, Usama and Piatetsky-Shapiro, Gregory and Smyth, Padhraic},
  Journal                  = {Communications of the ACM},
  Year                     = {1996},

  Month                    = {November},
  Pages                    = {27--34},
  Volume                   = {39},

  Acmid                    = {240464},
  Address                  = {New York, NY, USA},
  Doi                      = {http://doi.acm.org/10.1145/240455.240464},
  ISSN                     = {0001-0782},
  Issue                    = {11},
  Numpages                 = {8},
  Publisher                = {ACM}
}

@InProceedings{FGH11,
  Title                    = {Addressing the Classification with Imbalanced Data: Open Problems and New Challenges on Class Distribution},
  Author                   = {Alberto Fern\'andez and Salvador Garc\'ia and Francisco Herrera},
  Booktitle                = {6th International Conference on Hybrid Artificial Intelligence Systems (HAIS)},
  Year                     = {2011},
  Pages                    = {1--10},

  Bibsource                = {DBLP, http://dblp.uni-trier.de},
  Ee                       = {http://dx.doi.org/10.1007/978-3-642-21219-2_1}
}

@Article{GR12,
  Title                    = {On the reproducibility of empirical software engineering studies based on data retrieved from development repositories},
  Author                   = {Gonz\'alez-Barahona, Jes\'us and Robles, Gregorio},
  Journal                  = {Empirical Software Engineering},
  Year                     = {2012},
  Note                     = {10.1007/s10664-011-9181-9},
  Pages                    = {75-89},
  Volume                   = {17},

  Affiliation              = {Universidad Rey Juan Carlos, Mostoles, Spain},
  ISSN                     = {1382-3256},
  Issue                    = {1},
  Keyword                  = {Computer Science},
  Publisher                = {Springer Netherlands},
  Url                      = {http://dx.doi.org/10.1007/s10664-011-9181-9}
}

@InProceedings{Harman2010,
  Title                    = {The relationship between search based software engineering and predictive modeling},
  Author                   = {Harman, Mark},
  Booktitle                = {Proceedings of the 6th International Conference on Predictive Models in Software Engineering},
  Year                     = {2010},

  Address                  = {New York, NY, USA},
  Pages                    = {1:1--1:13},
  Publisher                = {ACM},
  Series                   = {PROMISE '10},

  Acmid                    = {1868330},
  Articleno                = {1},
  Doi                      = {http://doi.acm.org/10.1145/1868328.1868330},
  ISBN                     = {978-1-4503-0404-7},
  Location                 = {Timi\soara, Romania},
  Numpages                 = {13}
}

@InProceedings{HarmanC04,
  Title                    = {Metrics are fitness functions too},
  Author                   = {Harman, M. and Clark, J.},
  Booktitle                = {Proceedings. 10th International Symposium on Software Metrics 2004},
  Year                     = {2004},
  Month                    = {sept.},
  Pages                    = {58--69},

  Doi                      = {10.1109/METRIC.2004.1357891},
  ISSN                     = {1530-1435},
  Keywords                 = { fitness function; search-based software engineering; software metrics; software validation; genetic algorithms; program verification; software metrics; software process improvement;}
}

@Article{Harman2001,
  Title                    = {Search-based software engineering},
  Author                   = {Mark Harman and Bryan F. Jones},
  Journal                  = {Information and Software Technology},
  Year                     = {2001},
  Number                   = {14},
  Pages                    = {833--839},
  Volume                   = {43},

  ISSN                     = {0950-5849}
}

@InProceedings{herraiz2009flossmetrics,
  Title                    = {{FLOSSMetrics}: Free / Libre / Open Source Software Metrics},
  Author                   = {Israel Herraiz and Daniel Izquierdo-Cortazar and Francisco Rivas-Hernandez and Jesus M. Gonzalez-Barahona and Gregorio Robles and Santiago Due\~nas Dominguez and Carlos Garcia-Campos and Juan Francisco Gato and Liliana Tovar},
  Booktitle                = {Proceedings of the 13th European Conference on Software Maintenance and Reengineering (CSMR)},
  Year                     = {2009},
  Publisher                = {IEEE Computer Society},

  Location                 = {Kaiserlauten, Germany}
}

@Article{HCC06,
  Title                    = {{FLOSSmole}: A Collaborative Repository for {FLOSS} Research Data and Analyses},
  Author                   = {James Howison and Megan Conklin and Kevin Crowston},
  Journal                  = {International Journal of Information Technology and Web Engineering},
  Year                     = {2006},
  Number                   = {3},
  Volume                   = {1},

  Doi                      = {10.4018/jitwe.2006070102}
}

@InProceedings{KS02,
  Title                    = {Case and Feature Subset Selection in Case-Based Software Project Effort Prediction},
  Author                   = {C. Kirsopp and M. Shepperd},
  Booktitle                = {Proceedings of 22nd International Conference on Knowledge-Based Systems and Applied Artificial Intelligence (SGAI'02)},
  Year                     = {2002}
}

@Article{springerlink:10.1007/s10664-008-9061-0,
  Title                    = {The role of replications in empirical software engineering: a word of warning},
  Author                   = {Kitchenham, Barbara},
  Journal                  = {Empirical Software Engineering},
  Year                     = {2008},
  Number                   = {2},
  Pages                    = {219--221},
  Volume                   = {13},

  Affiliation              = {Keele University School of Computing and Mathematics Keele ST5 5BG UK},
  ISSN                     = {1382-3256},
  Keyword                  = {Computer Science},
  Publisher                = {Springer Netherlands}
}

@Article{KKPJ10,
  Title                    = {Report from the 1st international workshop on replication in empirical software engineering research (RESER 2010)},
  Author                   = {Knutson, Charles D. and Krein, Jonathan L. and Prechelt, Lutz and Juristo, Natalia},
  Journal                  = {SIGSOFT Software Engineering Notes},
  Year                     = {2010},

  Month                    = {October},
  Pages                    = {42--44},
  Volume                   = {35},

  Acmid                    = {1838698},
  Address                  = {New York, NY, USA},
  Doi                      = {http://doi.acm.org/10.1145/1838687.1838698},
  ISSN                     = {0163-5948},
  Issue                    = {5},
  Keywords                 = {methods, replication, reporting, research, software engineering, validation, validity},
  Numpages                 = {3},
  Publisher                = {ACM}
}

@InProceedings{Lincke:2008,
  Title                    = {Comparing software metrics tools},
  Author                   = {Lincke, R\"{u}diger and Lundberg, Jonas and L\"{o}we, Welf},
  Booktitle                = {Proceedings of the 2008 International Symposium on Software Testing and Analysis (ISSTA'08)},
  Year                     = {2008},
  Pages                    = {131--142},
  Publisher                = {ACM},

  Numpages                 = {12}
}

@Article{LBNRB09,
  Title                    = {Sourcerer: mining and searching internet-scale software repositories},
  Author                   = {Linstead, Erik and Bajracharya, Sushil and Ngo, Trung and Rigor, Paul and Lopes, Cristina and Baldi, Pierre},
  Journal                  = {Data Mining and Knowledge Discovery},
  Year                     = {2009},
  Note                     = {10.1007/s10618-008-0118-x},
  Pages                    = {300--336},
  Volume                   = {18},

  Affiliation              = {University of California Donald Bren School of Information and Computer Sciences Irvine USA},
  ISSN                     = {1384-5810},
  Issue                    = {2},
  Keyword                  = {Computer Science},
  Publisher                = {Springer Netherlands}
}

@Article{LWHS91,
  Title                    = {Organizational benchmarking using the ISBSG Data Repository},
  Author                   = {Lokan, C. and Wright, T. and Hill, P. and Stringer, M.},
  Journal                  = {IEEE Software},
  Year                     = {2001},

  Month                    = {sep/oct},
  Number                   = {5},
  Pages                    = {26 -32},
  Volume                   = {18},

  Doi                      = {10.1109/52.951491},
  ISSN                     = {0740-7459},
  Keywords                 = {ISBSG Data Repository;International Software Benchmarking Standards Group;best-practice networking;completed software projects;cost estimation;function points structure;organizational benchmarking;project benchmarking;project duration;summary analyses;software performance evaluation;software standards;}
}

@Article{mockus2002,
  Title                    = {Two case studies of {O}pen {S}ource Software development: {A}pache and {M}ozilla},
  Author                   = {Audris Mockus and Roy T. Fielding and James D. Herbsleb},
  Journal                  = {ACM Transactions on Software Engineering and Methodology},
  Year                     = {2002},
  Number                   = {3},
  Pages                    = {309--346},
  Volume                   = {11}
}

@InProceedings{NZZH12,
  Title                    = {Change Bursts as Defect Predictors},
  Author                   = {Nachiappan Nagappan and Andreas Zeller and Thomas Zimmermann and Kim Herzig and Brendan Murphy},
  Booktitle                = {Proceedings of the 21st IEEE International Symposium on Software Reliability Engineering (ISSRE 2012)},
  Year                     = {2012},
  Month                    = {November},

  Location                 = {San Jose, California, USA}
}

@InProceedings{NZ10,
  Title                    = {The Ultimate Debian Database: Consolidating bazaar metadata for Quality Assurance and data mining},
  Author                   = {Nussbaum, L. and Zacchiroli, S.},
  Booktitle                = {7th IEEE Working Conference on Mining Software Repositories (MSR 2010)},
  Year                     = {2010},
  Month                    = {May},
  Pages                    = {52--61},

  Doi                      = {10.1109/MSR.2010.5463277},
  Keywords                 = {Debian project;FLOSS distribution;FLOSS project;RedHat;SQL database;SQL query;Ubuntu;bazaar development model;bazaar metadata;community driven distribution;data mining;open source software;quality assurance;SQL;data mining;marketing data processing;meta data;public domain software;quality assurance;}
}

@Misc{ohloh12,
  Title                    = {Ohloh},

  Author                   = {Ohloh},
  Year                     = {2017},

  Url                      = {http://www.ohloh.net/}
}

@Article{RaudysJ91,
  Title                    = {Small sample size effects in statistical pattern recognition: recommendations for practitioners},
  Author                   = {Raudys, S.J. and Jain, A.K.},
  Journal                  = {IEEE Transactions on Pattern Analysis and Machine Intelligence},
  Year                     = {1991},

  Month                    = {mar},
  Number                   = {3},
  Pages                    = {252--264},
  Volume                   = {13},

  Doi                      = {10.1109/34.75512},
  ISSN                     = {0162-8828},
  Keywords                 = {classifiers;error estimation;error rates;feature selection;learning;sample size effects;statistical pattern recognition;pattern recognition;statistical analysis;}
}

@InProceedings{Rob10,
  Title                    = {Replicating {MSR}: A study of the potential replicability of papers published in the Mining Software Repositories proceedings},
  Author                   = {Robles, G.},
  Booktitle                = {7th IEEE Working Conference on Mining Software Repositories (MSR 2010)},
  Year                     = {2010},
  Month                    = {may},
  Pages                    = {171--180},

  Doi                      = {10.1109/MSR.2010.5463348},
  Keywords                 = {MSR;MSR replication;data sources;mining software repositories proceedings;potential replicability;software projects;data mining;}
}

@Article{RGIH09,
  Title                    = {Tools for the study of the usual data sources found in libre software projects},
  Author                   = {Gregorio Robles and Jesus M. Gonzalez-Barahona and Daniel Izquierdo-Cortazar and Israel Herraiz},
  Journal                  = {International Journal of Open Source Software and Processes},
  Year                     = {2009},

  Month                    = {Jan-March},
  Number                   = {1},
  Pages                    = {24--45},
  Volume                   = {1}
}

@Article{RodriguezEtAlINS12,
  Title                    = {Searching for rules to detect defective modules: A subgroup discovery approach},
  Author                   = {D. Rodr\'iguez and R. Ruiz and J.C. Riquelme and J.S. Aguilar-Ruiz},
  Journal                  = {Information Sciences},
  Year                     = {2012},
  Number                   = {0},
  Pages                    = {14--30},
  Volume                   = {191},

  Doi                      = {10.1016/j.ins.2011.01.039},
  ISSN                     = {0020-0255},
  Keywords                 = {Defect prediction}
}

@Article{RodriguezEtAl12,
  Title                    = {Empirical findings on team size and productivity in software development},
  Author                   = {D. Rodr\'iguez and M.A. Sicilia and E. Garc\'ia and R. Harrison},
  Journal                  = {Journal of Systems and Software},
  Year                     = {2012},
  Number                   = {3},
  Pages                    = {562--570},
  Volume                   = {85},

  Doi                      = {10.1016/j.jss.2011.09.009},
  ISSN                     = {0164-1212},
  Keywords                 = {Team size}
}

@Article{SK01,
  Title                    = {Comparing software prediction techniques using simulation},
  Author                   = {Shepperd, M. and Kadoda, G.},
  Journal                  = {IEEE Transactions on Software Engineering},
  Year                     = {2001},

  Month                    = {nov},
  Number                   = {11},
  Pages                    = {1014--1022},
  Volume                   = {27},

  Doi                      = {10.1109/32.965341},
  ISSN                     = {0098-5589},
  Keywords                 = {case-based reasoning;data set characteristics;machine learning;nearest neighbor;neural nets;prediction problem;regression;rule induction;simulation;small data sets;software prediction systems;software prediction technique comparison;training set;case-based reasoning;learning (artificial intelligence);neural nets;software metrics;virtual machines;}
}

@Article{Shepperd2012,
  Title                    = {Evaluating prediction systems in software project estimation},
  Author                   = {Martin Shepperd and Steve MacDonell},
  Journal                  = {Information and Software Technology},
  Year                     = {2012},
  Pages                    = {-},

  Doi                      = {10.1016/j.infsof.2011.12.008},
  ISSN                     = {0950-5849}
}

@InProceedings{QualitasCorpus2010,
  Title                    = {Qualitas Corpus: A Curated Collection of Java Code for Empirical Studies},
  Author                   = {Tempero, Ewan and Anslow, Craig and Dietrich, Jens and Han, Ted and Li, Jing and Lumpe, Markus and Melton, Hayden and Noble, James},
  Booktitle                = {2010 Asia Pacific Software Engineering Conference (APSEC2010)},
  Year                     = {2010},
  Month                    = {Dec}
}

@Article{TurhanESE12,
  Title                    = {On the dataset shift problem in software engineering prediction models},
  Author                   = {Turhan, Burak},
  Journal                  = {Empirical Software Engineering},
  Year                     = {2012},
  Note                     = {10.1007/s10664-011-9182-8},
  Pages                    = {62--74},
  Volume                   = {17},

  Affiliation              = {Department of Information Processing Science, University of Oulu, POB.3000, 90014 Oulu, Finland},
  ISSN                     = {1382-3256},
  Issue                    = {1},
  Keyword                  = {Computer Science},
  Publisher                = {Springer Netherlands}
}

@Conference{VanAntwerpM2008,
  Title                    = {Advances in the SourceForge Research Data Archive (SRDA)},
  Author                   = {Van Antwerp, M. and Madey, G.},
  Booktitle                = {Fourth International Conference on Open Source Systems, IFIP 2.13 (WoPDaSD 2008)},
  Year                     = {2008},

  Address                  = {Milan, Italy},
  Month                    = {September}
}

@PhdThesis{Vasa2010,
  Title                    = {Growth and Change Dynamics in Open Source Software Systems},
  Author                   = {Rajesh Vasa},
  School                   = {Faculty of Information and Communication Technologies Swinburne University of Technology Melbourne, Australia},
  Year                     = {2010}
}

@Book{WFH11,
  Title                    = {Data Mining: Practical Machine Learning Tools and Techniques (Third Edition)},
  Author                   = {Ian H. Witten and Eibe Frank and Mark A. Hall},
  Publisher                = {Morgan Kaufmann},
  Year                     = {2011}
}

@Article{4407730,
  Title                    = {On the Distribution of Software Faults},
  Author                   = {Hongyu Zhang},
  Journal                  = {IEEE Transactions on Software Engineering},
  Year                     = {2008},

  Month                    = {march-april },
  Number                   = {2},
  Pages                    = {301--302},
  Volume                   = {34},

  Doi                      = {10.1109/TSE.2007.70771},
  ISSN                     = {0098-5589},
  Keywords                 = {Pareto principle;Weibull distribution;large software systems;software faults distribution;Pareto analysis;Weibull distribution;}
}

@InProceedings{ZPZ07,
  Title                    = {Predicting Defects for Eclipse},
  Author                   = {Zimmermann, Thomas and Premraj, Rahul and Zeller, Andreas},
  Booktitle                = {Proceedings of the Third International Workshop on Predictor Models in Software Engineering (PROMISE'07)},
  Year                     = {2007},

  Address                  = {Washington, DC, USA},
  Pages                    = {9--},
  Publisher                = {IEEE Computer Society},
  Series                   = {PROMISE '07},

  Acmid                    = {1269057},
  Doi                      = {http://dx.doi.org/10.1109/PROMISE.2007.10},
  ISBN                     = {0-7695-2954-2}
}


@inproceedings{Shippey2016Esem,
 author = {Shippey, Thomas and Hall, Tracy and Counsell, Steve and Bowes, David},
 title = {So You Need More Method Level Datasets for Your Software Defect Prediction?: Voil\À!},
 booktitle = {Proceedings of the 10th ACM/IEEE International Symposium on Empirical Software Engineering and Measurement},
 series = {ESEM '16},
 year = {2016},
 isbn = {978-1-4503-4427-2},
 location = {Ciudad Real, Spain},
 pages = {12:1--12:6},
 articleno = {12},
 numpages = {6},
 url = {http://doi.acm.org/10.1145/2961111.2962620},
 doi = {10.1145/2961111.2962620},
 acmid = {2962620},
 publisher = {ACM},
 address = {New York, NY, USA},
 keywords = {Boa, Data Mining, Defect Prediction, Defect linking, Defects},
}

