@ARTICLE{AKA91,
  author =          "D.W. Aha and D. Kibler and M.K. Albert",
  title =           "Instance-based Learning Algorithms",
  journal =         "Machine Learning",
  year =            "1991",
  volume =          "6",
  number =          "",
  pages =           "37--66",
} % ------------------------------------------------------------------------
@ARTICLE{BL97,
  author =        "A.L. Blum and P. Langley",
  title =         "Selection of Relevant Features and Examples in Machine Learning",
  journal =       "Artificial Intelligence",
  editor =        "R. Greiner and D. Subramanian",
  year =          "1997",
  volume =        "97",
  number =        "1-2",
  pages =         "245-271",
} % ------------------------------------------------------------------------
@ARTICLE{DL97,
  author =        "M. Dash and H. Liu",
  title =         "Feature Selection for Classification",
  journal =       "Intelligent Data Analisys",
  year =          "1997",
  volume =        "1",
  number =        "3",
  pages =         "131--56",
} % ------------------------------------------------------------------------
@inproceedings{DLM00,
    author = "M. Dash and H. Liu and H. Motoda",
    title = "Consistency Based Feature Selection",
    booktitle = "Pacific-Asia Conf. on Knowledge Discovery and Data Mining",
    pages = "98-109",
    year = "2000",
} % ------------------------------------------------------------------------
@TECHREPORT{Doa92,
  author =          "J. Doak",
  title =           "An Evaluation of Feature Selection Methods and their Application to Computer Security",
  year =            "1992",
  institution =     "University of California, Department of Computer Science",
  number =          "CSE-92-18",
  address =         "Davis, CA",
} % ------------------------------------------------------------------------
@ARTICLE{GE03,
  author =          "I. Guyon and A. Elisseeff",
  title =           "An Introduction to Variable and Feature Selection",
  journal =         "Journal of Machine Learning Research",
  year =            "2003",
  volume =          "3",
  number =          "",
  pages =           "1157--1182",
} % ------------------------------------------------------------------------
@PHDTHESIS{Hal99,
  author =          "M.A. Hall",
  title =       "Correlation-based Feature Selection for Machine Learning",
  school =      "University of Waikato, Department of Computer Science",
  year =            "1999",
  address =     "Hamilton, New Zealand",
} % ------------------------------------------------------------------------
@INPROCEEDINGS{KJ95,
  author =        "R. Kohavi and G.H. John",
  title =         "Automatic Parameter Selection by Minimizing Estimated Error",
  booktitle =     "12th Int. Conf. on Machine Learning",
  year =          "1995",
  pages =         "304--312",
  address   =     "San Francisco",
} % ------------------------------------------------------------------------
@ARTICLE{KJ97,
  author =        "R. Kohavi and G.H. John",
  title =         "Wrappers for Feature Subset Selection",
  journal =       "Artificial Intelligence",
  year =          "1997",
  volume =        "1-2",
  pages =         "273-324",
} % ------------------------------------------------------------------------
@INPROCEEDINGS{Lan94,
  author =        "P. Langley",
  title =         "Selection of Relevant Features in Machine Learning",
  booktitle =     "Procs. Of the AAAI Fall Symposium on Relevance",
  year =          "1994",
  pages =         "140-144",
} % ------------------------------------------------------------------------
@INPROCEEDINGS{LY04,
  author =        "L. Yu and H. Liu",
  title =         "Redundancy Based Feature Selection for Microarry Data",
  booktitle =     "10th ACM SIGKDD Int. Conf. on Knowledge Discovery and Data Mining",
  year =          "2004",
  pages =         "",
  addres =        "Seattle, Washington",
} % ------------------------------------------------------------------------
@BOOK{LM98,
  AUTHOR =       {H. Liu and H. Motoda},
  TITLE =        {Feature Selection for Knowlegde Discovery and Data Mining},
  PUBLISHER =    {Kluwer Academic Publishers},
  YEAR =         {1998},
  address =      {London, UK},
}% ------------------------------------------------------------------------
@ARTICLE{LY05,
  author =        "H. Liu and L. Yu",
  title =         "Toward Integrating Feature Selection Algorithms for Classification and Clustering",
  journal =       "IEEE Trans. on Knowledge and Data Eng.",
  year =          "2005",
  volume =        "17",
  number =        "3",
  pages =         "1--12",
} % ------------------------------------------------------------------------
@BOOK{Mit97,
  author =       "T. Mitchell",
  title =        "Machine Learning",
  publisher =    "McGraw Hill",
  year =         "1997",
} % ------------------------------------------------------------------------
@BOOK{Qui93,
  author =        "J. R. Quinlan",
  title =         "C4.5: Programs for machine learning",
  publisher =     "Morgan Kaufmann",
  year =          "1993",
  address =       "San Mateo, California",
} % ------------------------------------------------------------------------
@BOOK{WF05,
  author =        "I.H. Witten and E. Frank",
  title =         "Data Mining: Practical machine learning tools and techniques",
  publisher =     "Morgan Kaufmann",
  year =          "2005",
  edition =       "2",  
  address =       "San Francisco",
} % ------------------------------------------------------------------------
@ARTICLE{YL04b,
  author =        "L. Yu and H. Liu",
  title =         "Efficient Feature Selection via Analysis of Relevance and Redundancy",
  journal =       "Journal of Machine Learning Research",
  year =          "2004",
  volume =        "5",
  pages =         "1205--24",
}
