% This file was created with JabRef 2.10.
% Encoding: ISO8859_1


@Manual{FeinererH15,
  Title                    = {tm: Text Mining Package},
  Author                   = {Ingo Feinerer and Kurt Hornik},
  Note                     = {R package version 0.6-2},
  Year                     = {2015},

  Url                      = {http://CRAN.R-project.org/package=tm}
}

@Article{FeinererHM08,
  Title                    = {Text Mining Infrastructure in R},
  Author                   = {Ingo Feinerer and Kurt Hornik and David Meyer},
  Journal                  = {Journal of Statistical Software},
  Year                     = {2008},

  Month                    = {March},
  Number                   = {5},
  Pages                    = {1--54},
  Volume                   = {25},

  Url                      = {http://www.jstatsoft.org/v25/i05/}
}

@Book{kuhnJ2013,
  Title                    = {Applied predictive modeling},
  Author                   = {Kuhn, Max and Johnson, Kjell},
  Publisher                = {Springer-Verlag},
  Year                     = {2013},

  Address                  = {New York},

  Doi                      = {10.1007/978-1-4614-6849-3},
  Url                      = {http://www.springer.com/gp/book/9781461468486}
}

